% Bibliografía

% Este fichero contiene la bibliografía de la memoria
% Está en un formato que se conoce como BibTex.
% Hay muchos sitios web que exportan referencias en formato BibTeX. 
% Prueba a buscar en http://scholar.google.com por referencias
% y verás que lo puedes hacer de manera sencilla.
% Más información: 
% http://texblog.org/2014/04/22/using-google-scholar-to-download-bibtex-citations/

% Existen varias posibilidades para referenciar diferentes tipos de documentos,
% ya que los datos necesarios varían. Así, existen formatos de entrada para
%     * libros (book)
%     * artículos en revistas de investigación (article)
%     * capítulos de libro (incollection)
%     * informes técnicos (techreport)
%     * otros (misc)
%
% Las páginas web deberían ir como misc.

% Una última cosa: no referencias nunca la WikiPedia
% La WikiPedia, como buena enciclopedia, no es fuente primaria.
% Si acaso, busca por citas en la WikiPedia (que sí ha de referenciar fuentes
% primarias) y haz referencia a las mismas.
\usepackage[breaklinks=true]{hyperref}


@Book{slujanm:_principios,
  author = 	 {Sergio Luján Mora},
  title = 	 {Programación de aplicaciones web: historia, principios básicos y clientes web},
  publisher = 	 {Editorial Club Universitario (Universidad de Alicante)},
  year = 	 2002
}

@Book{barahonarobles:_SARO,
  author = 	 {Jesús M. González-Barahona y Gregorio Robles},
  title = 	 {Servicios y Aplicaciones en Redes de Ordenadores, Transparencias del curso},
  publisher = 	 {Universidad Rey Juan Carlos},
  year = 	 2017
}

@Article{parnas72:_modules,
 author = {David L. Parnas},
 title = {On the criteria to be used in decomposing systems into modules},
 journal = CACM,
 volume = 15,
 year = 1972,
 pages = {1053-1058}
}

@InCollection{GBarahona04:_debian,
  author =       {González-Barahona, Jesús M. and Robles, Gregorio and
                  Ortuño Pérez, Miguel and Rodero-Merino, Luis and
                  Centeno González, José and Matellan-Olivera, Vicente and
                  Castro-Barbero, Eva and de-las-Heras-Quirós, Pedro},
  title =        {Analyzing the anatomy of {GNU/L}inux distributions:
                  methodology and case studies ({R}ed {H}at and {D}ebian)},
  pages =        {27-58},
  editor =       {Koch, Stefan},
  booktitle =    {Free/Open Source Software Development},
  publisher =    {Idea Group Publishing},
  address =      {Hershey, Pennsylvania, USA},
  year =         {2004},
}

@TechReport{ghosh02:_developer_survey,
  author = 	 {Rishab Aiyer Ghosh and Ruediger Glott and Bernhard Krieger and Gregorio Robles},
  title = 	 {Survey of Developers (Free/Libre and Open Source Software: Survey and Study)},
  institution =  {International Institute of Infonomics. University of Maastricht},
  year = 	 2002,
  address =	 {The Netherlands},
  month =	 jun,
  note =	 {\\ http://www.infonomics.nl/FLOSS/report}
}

@Misc{wheeler01:_more_than_gigab,
  author =	 {David A. Wheeler},
  title =	 {More Than a Gigabuck: {E}stimating {GNU/L}inux's Size},
  month =	 jun,
  year =	 2001,
  note =	 {\\ http://www.dwheeler.com/sloc/redhat71-v1/redhat71sloc.html}
}

@misc{Motas:_innovaspain,
  author = {Juan Miguel Cobos (InnovaSpain)},
  title = {{Acuerdo entre la URJC y el CIEMAT para desarrollo de sensores inalámbricos}},
  howpublished = "\url{https://www.innovaspain.com/la-urjc-desarrolla-sensores-inalambricos-para-la-medicion-de-la-eficiencia-energetica/}",
  year = {2016}, 
  note = "[Online; accessed 01-Enero-2019]"
}

@misc{WSN:_nat_ins,
  author = {National Instruments},
  title = {{¿Qué es una red de sensores inalámbricos?}},
  howpublished = "\url{http://www.ni.com/white-paper/7142/es/}",
  year = {2009}, 
  note = "[Online; accessed 01-Enero-2019]"
}

@misc{AltDjango:_alt_to,
  author = {},
  title = {{Alternativas al framework \emph{Django}}},
  howpublished = "\url{https://alternativeto.net/software/django/}",
  year = {}, 
  note = "[Online; accessed 02-Enero-2019]"
}

@misc{PrincAst:_prem_ast,
  author = {Fundación Princesa de Asturias},
  title = {{Premio Príncipe de Asturias de Investigación Científica y Técnica 2002}},
  howpublished = "\url{http://www.fpa.es/es/premios-princesa-de-asturias/premiados/2002-lawrence-roberts-robert-kahn-vinton-cerf-y-tim-berners-lee.html?especifica=0}",
  year = {2002}, 
  note = "[Online; accessed 04-Enero-2019]"
}

@misc{HistWeb:_hist_web,
  author = {hazhistoria.net},
  title = {{Historia del WWW: de la web 1.0 a la web 3.0}},
  howpublished = "\url{https://www.hazhistoria.net/blog/historia-del-www-de-la-web-10-la-web-30}",
  year = {}, 
  note = "[Online; accessed 03-Enero-2019]"
}

@misc{Framework:_frame_que_es,
  author = {Edgar Tébar},
  title = {{Frameworks en el desarrollo web: las mejores prácticas para tu negocio online}},
  howpublished = "\url{https://www.wearemarketing.com/es/blog/frameworks-en-el-desarrollo-web-las-mejores-practicas-para-tu-negocio-online.html}",
  year = {2018}, 
  note = "[Online; accessed 05-Enero-2019]"
}

@misc{MVC:_m_v_c,
  author = {Engloba Systems},
  title = {{Modelo vista controlador mvc}},
  howpublished = "\url{https://www.youtube.com/watch?v=IywnWQTqSh0}",
  year = {2014}, 
  note = "[Online; accessed 06-Enero-2019]"
}

@misc{PyWeb:_python_web,
  author = {Python.org},
  title = {{Python web page}},
  howpublished = "\url{https://www.python.org/}",
  year = {}, 
  note = "[Online; accessed 07-Enero-2019]"
}

@misc{DjangoV:_django_vers,
  author = {Djangoproject},
  title = {{Django different versions so far}},
  howpublished = "\url{https://www.djangoproject.com/download/#ft3}",
  year = {}, 
  note = "[Online; accessed 08-Enero-2019]"
}

@misc{HTML5:_html_5,
  author = {LatinDesigner.net},
  title = {{Características relacionadas con el nuevo HTML5}},
  howpublished = "\url{https://latindesigner.net/algunas-caracteristicas-de-html5-que-usted-debe-saber/}",
  year = {}, 
  note = "[Online; accessed 08-Enero-2019]"
}

@misc{TemBoot:_tem_boot,
  author = {Startbootstrap.com},
  title = {{Plantilla elegida con Bootstrap4}},
  howpublished = "\url{https://startbootstrap.com/template-overviews/sb-admin/}",
  year = {}, 
  note = "[Online; accessed 08-Enero-2019]"
}

@misc{CSS3:_css_3,
  author = {MDN Web Docs},
  title = {{CSS3}},
  howpublished = "\url{https://developer.mozilla.org/es/docs/Web/CSS/CSS3}",
  year = {}, 
  note = "[Online; accessed 08-Enero-2019]"
}

@misc{HtCsJs:_html_css_js,
  author = {MDN Web Docs},
  title = {{¿Qué es Javascript?}},
  howpublished = "\url{https://developer.mozilla.org/es/docs/Learn/JavaScript/First_steps/Qu%C3%A9_es_JavaScript}",
  year = {2018}, 
  note = "[Online; accessed 08-Enero-2019]"
}

@misc{Boots:_boots,
  author = {Mark Otto},
  title = {{Archivo web sobre la publicación en Twitter de Mark Otto anunciando Bootstrap}},
  howpublished = "\url{https://web.archive.org/web/20120512185704/https://dev.twitter.com/blog/bootstrap-twitter}",
  year = {2011}, 
  note = "[Online; accessed 08-Enero-2019]"
}

@misc{httpCodes:_http_code,
  author = {Jorge Guillo},
  title = {{Curso de programación web en java}},
  howpublished = "\url{https://es.slideshare.net/jguillo/curso-de-programacion-web-en-java}",
  year = {2012}, 
  note = "[Online; accessed 09-Enero-2019]"
}

@misc{cmdGitHub:_cmd_gh,
  author = {},
  title = {{Lista de comandos en GIT}},
  howpublished = "\url{https://gist.github.com/dasdo/9ff71c5c0efa037441b6}",
  year = {}, 
  note = "[Online; accessed 10-Enero-2019]"
}

@misc{imageOverlay:_img_ovr,
  author = {},
  title = {{Biblioteca ImageOverlay para Leaflet}},
  howpublished = "\url{https://leafletjs.com/examples/video-overlay/}",
  year = {}, 
  note = "[Online; accessed 13-Enero-2019]"
}

@misc{leafHeatmap:_leaf_hm,
  author = {},
  title = {{Biblioteca HeatMap para Leaflet, GitHub}},
  howpublished = "\url{https://github.com/Leaflet/Leaflet.heat}",
  year = {}, 
  note = "[Online; accessed 13-Enero-2019]"
}

@misc{segDjango:_seg_dj,
  author = {},
  title = {{Documentación Django para seguridad}},
  howpublished = "\url{https://docs.djangoproject.com/es/2.1/}",
  year = {}, 
  note = "[Online; accessed 18-Enero-2019]"
}

@misc{web30:_web_30,
  author = {Hugo Delgado},
  title = {{Web 3.0 - Significado, origen y ventajas}},
  howpublished = "\url{https://disenowebakus.net/la-web-3.php}",
  year = {2018}, 
  note = "[Online; accessed 21-Enero-2019]"
}

@misc{framWeb:_fram_web,
  author = {Diseño web Ilusion Studio},
  title = {{¿Qué es un framework web y qué ventajas aportan?}},
  howpublished = "\url{https://www.illusionstudio.es/que-es-un-framework-web}",
  year = {2018}, 
  note = "[Online; accessed 22-Enero-2019]"
}

@misc{bottsCar:_boot_car,
  author = {Programación.net},
  title = {{5 características del próximo Bootstrap 4}},
  howpublished = "\url{https://programacion.net/articulo/5_caracteristicas_del_proximo_bootstrap_4_que_nos_enamoran_1127}",
  year = {}, 
  note = "[Online; accessed 23-Enero-2019]"
}

@misc{gis:_gis_gis,
  author = {Geoinnova.org},
  title = {{Que son los sistemas SIG}},
  howpublished = "\url{https://geoinnova.org/cursos/que-son-los-sistemas-de-informacion-geografica-sig/}",
  year = {}, 
  note = "[Online; accessed 24-Enero-2019]"
}
